%% This BibTeX bibliography file was created using BibDesk.
%% https://bibdesk.sourceforge.io/

%% Created for Sebastien Ollquist at 2022-04-05 13:32:05 +0200 


%% Saved with string encoding Unicode (UTF-8) 
@misc{tensorMethods,
	author = {Ankur Moitra},
	title = {Lecture notes in Algorithmic aspects of Machine Learning},
	year = {2015},
	publisher = {MIT OpenCourseware}
}
@misc{algoToolbox,
	author = {Tim Roughgarden and Gregory Valiant},
	title = {Lecture notes in The modern algorithmic toolbox},
	year = {2015},
	publisher = {Stanford University}
}
@article{pronyMethod,
	author = {Tomas Sauer},
	journal = {Snapshots of modern mathematics from Oberwolfach},
	title = {Prony's method: an old trick for new problems},
	year = {2018}
}
@article{proofJLLemma,
	author = {Sanjoy Dasgupta and Anupam Gupta},
	journal = {Reseach Bell Labs},
	title = {An elementary proof of a theorem of Johnson and Lindenstrauss},
	year = {2002}
}